@article{OGradyWeightTwo,
    title = "The weight-two Hodge structure of moduli spaces of sheaves on a K3 surface",
    journal = "",
    volume = "",
    number = "",
    pages = "",
    year = "1995",
    author = "Kieran O'Grady"
}

@article{Noohi,
    title = "Fundamental groups of algebraic stacks",
    journal = "J. Inst. Math. Jussieu.",
    volume = "3",
    number = "1",
    pages = "69--103",
    year = "2004",
    author = "Behrang Noohi"
}

@article{Riess,
    title = "On the Chow ring of birational irreducible symplectic varieties",
    journal = "Manuscripta Math.",
    volume = "145",
    number = "3--4",
    pages = "473--501",
    year = "2014",
    author = "Ulrike Riess",
}

@article{MadapusiPera,
    title = "The Tate conjecture for K3 surfaces in odd characteristic",
    journal = "Invent. Math.",
    volume = "201",
    pages = "625--668",
    year = "2015",
    author = "Keerthi Madapusi-Pera"
}

@article{MadapusiPeraIntegralModels,
    title = "Integral canonical models for Spin Shimura varieties",
    journal = "Comp. Math.",
    volume = "152",
    number = "",
    pages = "769--824",
    year = "2016",
    author = "Keerthi Madapusi-Pera"
}

@article{Saito,
    title = "The discriminant and the determinant of a hypersurface of even dimension",
    journal = "Math. Res. Lett.",
    volume = "19",
    number = "4",
    pages = "855--871",
    year = "2012",
    author = "T Saito"
}

@article{ElsenhansJahnel,
    title = "On the characteristic polynomial of the Frobenius on the {\'e}tale cohomology",
    journal = "Duke Math. J.",
    volume = "164",
    number = "11",
    pages = "2161--2184",
    year = "2015",
    author = "Andreas-Stephan Elsenhans and J{\"o}rg Jahnel"
}

@incollection{BeauvilleRemarks,
    title = "Somer remarks on K{\"a}hler manifolds with $c_1 = 0$",
    year = "1983",
    pages = "1--26",
    booktitle = "Classification of algebraic and analytic manifolds",
    series = "PM",
    publisher = "Birkh{\"a}user",
    number = "39",
    author = "Arnaud Beauville"
}

@incollection{ConradReductive,
    title = "Reductive group schemes",
    year = "2014",
    pages = "93--444",
    booktitle = "Autour des sch{\'e}mas en groupes Vol. I",
    series = "Panoramas Synth.",
    publisher = "Soc. Math. France",
    number = "42/43",
    author = "Brian Conrad",
    address = "Paris"
}

@inbook{MukaiTata,
    title = "On the moduli space of bundles on K3 surfaces, I",
    journal = "",
    volume = "",
    booktitle = "Vector Bundles on Algebraic Varieties",
    number = "",
    pages = "",
    year = "1985",
    author = "Shigeru Mukai"
}

@article{OlssonHom,
    title = "Hom-stacks and restriction of scalars",
    journal = "Duke Math. J.",
    volume = "134",
    pages = "139--164",
    year = "2006",
    author = "Martin Olsson"
}

@article{Bass,
    title = "Clifford Algebras and Spinor Norms over a Commutative Ring",
    journal = "Am. J. Math.",
    volume = "96",
    number = "1",
    pages = "156--206",
    year = "1974",
    author = "Hyman Bass"
}

@article{CaldararuThesis,
    title = "Derived categories of twisted sheaves on Calabi-Yau manifolds",
    journal = "PhD thesis, Cornell",
    year = "2000",
    author = "Andrei C{\u{a}}ld{\u{a}}raru"
}

@article{CaldararuNonFine,
    title = "Non-fine moduli spaces of sheaves on K3 surfaces",
    journal = "Internat. Math. Res. Notices",
    volume = "2002",
    number = "20",
    pages = "1027--1056",
    year = "2002",
    author = "Andrei C{\u{a}}ld{\u{a}}raru"
}

@article{LieblichModuli,
    title = "Moduli of twisted sheaves",
    journal = "Duke Math. J.",
    volume = "138",
    number = "1",
    pages = "23--118",
    year = "2007",
    author = "Max Lieblich"
}

@article{Langer,
    title = "Semistable sheaves in positive characteristic",
    journal = "Ann. Math.",
    volume = "159",
    pages = "251--276",
    year = "2004",
    author = "Adrian Langer"
}

@article{CharlesZarhin,
    title = "Birational boundedness for holomorphic symplectic varieties, Zarhin's trick for K3 surfaces, and the Tate conjecture",
    journal = "Ann. Math.",
    volume = "184",
    pages = "487--526",
    year = "2016",
    author = "Fran{\c{c}}ois Charles"
}

@article{Nikulin,
    title = "Integral symmetric bilinear forms and some of their applications",
    journal = "Trudy Moskov.\ Mat.\ Obshch.",
    volume = "38",
    pages = "75--137",
    year = "1979",
    author = "Viacheslav Valentinovich Nikulin"
}

@thesis{vdBoogaart,
    title = "Links between cohomology and arithmetic",
    year = "2008",
    school = "Universiteit Leiden",
    author = "Theo van den Boogaart",
        note = "Thesis"
}

@thesis{BenoistThesis,
    title = "Espaces de modules d'intersections compl{\`e}tes lisses",
    year = "2012",
    school = "Paris 7",
    author = "Olivier Benoist",
        note = "Thesis"
}

@article{Fujiki,
    title = "On the de Rham Cohomology Group of a Compact K{\"a}hler Symplectic Manifold",
    journal = "Adv.\ Stud.\ Pure Math.",
    volume = "10",
    pages = "105--165",
    year = "1987",
    author = "A Fujiki"
}

@article{DeligneMumford,
    title = "The irreducibility of the space of curves of given genus",
    journal = "Publ.\ Math.\ de l'IH{\'E}S",
    volume = "36",
    pages = "75--109",
    year = "1969",
    author = "Pierre Deligne and David Mumford"
}

@article{SerreTate,
    title = "Good reduction of abelian varieties",
    journal = "Ann. Math.",
    volume = "88",
    number = "3",
    pages = "492--517",
    year = "1968",
    author = "Jean-Pierre Serre and John Tate"
}

@article{HeinlothTwisted,
    title = "Twisted Chern classes and $\GG_m$-gerbes",
    journal = "C. R. Acad. Sci. Paris",
    volume = "341",
    number = "10",
    pages = "623--626",
    year = "2005",
    author = "Jochen Heinloth"
}

@book{DixExposes,
    title = "Dix expos{\'e}s sur la cohomologie des sch{\'e}mas",
    year = "1968",
    author = "J Giraud and A Grothendieck and S Kleiman and M Raynaud and J Tate"
}

@book{SerreCourse,
    title = "A Course in Arithmetic",
    series = "Graduate texts in mathematics",
    volume = "7",
    publisher = "Springer-Verlag",
    year = "1973",
    author = "Jean-Pierre Serre"
}

@article{Mongardi,
    author = "Giovanni Mongardi",
    title = "On the monodromy of irreducible symplectic manifolds",
    journal = "Algebraic Geometry",
    volume = "3",
    number = "3",
    year = "2016",
    pages = "385--391"
}

@article{MongardiWandel,
    author = "Giovanni Mongardi and Malte Wandel",
    title = "Automorphisms of O'Grady's manifolds acting trivially on cohomology",
    journal = "Algebraic Geometry",
    volume = "4",
    number = "1"
    year = "2017",
    pages = "104--109"
}

@book{GrossHuybrechtsJoyce,
    title = "Calabi-Yau Manifolds and Related Geometries",
    series = "Universitext",
    volume = "13",
    publisher = "Springer-Verlag",
    year = "2003",
    author = "Mark Gross and Daniel Huybrechts and Dominic Joyce"
}

@book{FreitagKiehl,
    title = "Etale Cohomology and the Weil Conjecture",
    series = "A Series of Modern Surveys in Mathematics",
    volume = "13",
    publisher = "Springer-Verlag",
    year = "1988",
    author = "Eberhard Freitag and Reinhardt Kiehl"
}

@book{Neukirch,
    title = "Algebraische Zahlentheorie",
    series = "Springer-Lehrbuch Masterclass",
    publisher = "Springer-Verlag",
    year = "1992",
    author = "J{\"u}rgen Neukirch"
}

@book{DeligneMilneTannakian,
    title = "Tannakian Categories",
    series = "Lecture Notes in Math.",
    publisher = "Springer, Berlin",
    volume = "900",
    pages = "101--228",
    year = "1982",
    author = "P Deligne and J S Milne",
}

@book{SaavedraRivano,
    title = "Cat{\'e}gories Tannakiennes",
    series = "Lecture Notes in Math.",
    publisher = "Springer, Berlin",
    volume = "265",
    year = "1972",
    author = "Neantro {Saavedra Rivano}"
}

@book{DeligneShimura,
    title = "Travaux de Shimura",
    series = "Lecture Notes in Math.",
    publisher = "Springer, Berlin",
    volume = "244",
    pages = "123--165",
    year = "1971",
    author = "Pierre Deligne"
}

@article{Shih,
    title = "Existence of certain canonical models",
    journal = "Duke Math. J.",
    volume = "45",
    pages = "63--66",
    year = "1978",
    author = "{Kuang-yen} Shih"
}

@article{Deligne79,
    title = "Vari{\'e}t{\'e}s de Shimura: Interpr{\'e}tation modulaire, et techniques de construction de mod{\`e}les canoniques",
    journal = "Proc. Symp. Pure Math.",
    volume = "33",
    pages = "247--290",
    year = "1979",
    author = "Pierre Deligne"
}

@article{MorrisonLarge,
    title = "On K3 surfaces with large Picard number",
    journal = "Invent. Math.",
    volume = "75",
    pages = "105--121",
    year = "1984",
    author = "David R Morrison"
}

@article{DeligneK3,
    title = "La conjecture de Weil pour les surfaces K3",
    journal = "Invent. Math.",
    volume = "15",
    pages = "206--226",
    year = "1972",
    author = "Pierre Deligne"
}

@article{HitchinSawon,
    title = "Curvature and characteristic numbers of hyper=K{\"a}hler manifolds",
    journal = "Duke Math. J.",
    volume = "106",
    number = "3",
    pages = "599--615",
    year = "2001",
    author = "Nigel Hitchin and Justin Sawon"
}

@unpublished{CTBrauer,
    author = "Jean-Louis Colliot-Th{\'e}l{\`e}ne",
    year = "2015",
    title = "Notes sur le groupe de Brauer",
    note = "Available on Colliot-Th{\'e}l{\`e}ne's webpage."
}

@unpublished{GilleNotes,
    author = "Philippe Gille",
    year = "2014",
    title = "Introduction to affine algebraic groups in positive characteristic",
    note = "Available on Gille's webpage."
}

@article{Perrin,
    author = "Daniel Perrin",
    title = "Approximation des Sch{\'e}mas en Groupes, Quasi Compacts sur un Corps",
    journal = "Bull. Soc. Math. de France",
    volume = "104",
    year = "1976",
    pages = "323--335"
}

@unpublished{EGM,
    author = "Bas Edixhoven and Gerard van der Geer and Ben Moonen",
    title = "Abelian Varieties",
    note = "Book project, available on Ben Moonen's home page.",
}

@book{MumfordAV,
    author = "David Mumford",
    title = "Abelian Varieties",
    year = "1974",
    publisher = "Oxford University Press"
}

@article{EGAIV,
    author = "Jean Dieudonn{\'e} and Alexander Grothendieck",
    title = "El{\'e}ments de G{\'e}om{\'e}trie Alg{\'e}brique IV",
    year = "1964--1967",
    journal = "Publ. Math. IH{\'E}S",
    volume = "20, 24, 28, 32"
}

@article{BorelFullness,
    title = "Some metric properties of arithmetic quotients of symmetric spaces and an extension theorem",
    journal = "J. Diff. Geom",
    volume = "6",
    number = "4",
    pages = "543--560",
    year = "1972",
    author = "Armand Borel"
}

@article{RizovModuli,
    title = "Moduli stacks of polarized K3 surfaces in mixed characteristic",
    journal = "Serdica Math. J.",
    volume = "32",
    number = "2-3",
    pages = "131--178",
    year = "2006",
    author = "Jordan Rizov"
}

@incollection{ArtinNeron,
    author = "M Artin",
    title = "N{\'e}ron Models",
    booktitle = "Arithmetic Geometry",
    publisher = "Springer-Verlag",
    editor = "Gary Cornell and Joseph Hillel Silverman",
    pages = "213--230",
    year = "1986",
}

@incollection{MarkmanSurvey,
    author = "Eyal Markman",
    title = "A survey of Torelli and monodromy results for holomorphic-symplectic varieties",
    booktitle = "Complex and Differential Geometry",
    publisher = "Springer Berlin Heidelberg",
    pages = "257--322",
    year = "2011",
}

@article{MarkmanIntegralGenerators,
    title = "Integral generators for the cohomology ring of moduli spaces of sheaves over Poisson surfaces",
    journal = "Adv. Math.",
    volume = "208",
    number = "2",
    pages = "622--646",
    year = "2007",
    author = "Eyal Markman"
}

@article{OGradyAbelian,
    title = "A new six-dimensional irreducible symplectic variety",
    journal = "J. Alg. Geom.",
    volume = "12",
    pages = "435--505",
    year = "2003",
    author = "K O'Grady"
}

@article{BoissiereNieperSartiEnriques,
    title = "Higher dimensional Enriques varieties and automorphisms of generalized Kummer varieties",
    journal = "J. Math. Pure. Appl.",
    volume = "95",
    pages = "553--563",
    year = "2011",
    author = "Samuel Boissiere and Marc {Nieper-Wisskirchen} and Alessandra Sarti",
}
@article{OGradyK3,
    title = "Desingularized moduli spaces of sheaves on a K3",
    journal = "J. f{\"u}r die reine und angew. Math.",
    volume = "512",
    pages = "49--117",
    year = "1999",
    author = "K O'Grady"
}

@article{MarkmanMonodromy,
    title = "On the monodromy of moduli spaces of sheaves on K3 surfaces",
    journal = "J. Alg. Geom.",
    volume = "17",
    pages = "29--99",
    year = "2008",
    author = "Eyal Markman"
}

@article{MarkmanIntegralConstraints,
    title = "Integral constrains on the monodromy group of the hyperk{\"a}hler resolution of a symmetric product of a K3 surface",
    journal = "Int. J. Math.",
    volume = "21",
    number = "2",
    pages = "169--223",
    year = "2010",
    author = "Eyal Markman"
}

@article{HassettTschinkel,
    title = "Hodge theory and Lagrangian planes on generalized Kummer fourfolds",
    journal = "Mosc. Math. J.",
    volume = "13",
    number = "1",
    pages = "33--56",
    year = "2013",
    author = "Brendan Hassett and Yuri Tschinkel"
}

@article{Bocklandt1,
    title = "Generating toric noncommutative crepant resolutions",
    journal = "J. Algebra ",
    volume = "364",
    number = "0",
    pages = "119--147",
    year = "2012",
    author = "Raf Bocklandt"
}

@article{Bocklandt2,
    author = "Raf Bocklandt",
    title = "Consistency conditions for dimer models",
    journal = "Glasgow Math. J.",
    volume = "54",
    number = "2",
    year = "2012",
    pages = "429--447"
}

@article{GroAppendix,
    author = "Alexander Grothendieck",
    title = "La Th\'eorie des Classes de Chern",
    journal = "Bull. Soc. Math. de France",
    volume = "86",
    year = "1958",
    pages = "137--154"
}

@article{HuybrechtsStellariEquivalences,
    author = "Daniel Huybrechts and Paolo Stellari",
    title = "Equivalences of twisted K3 surfaces",
    journal = "Math. Ann.",
    volume = "332",
    year = "2005",
    pages = "901--936"
}

@article{HuybrechtsHykae,
    author = "Daniel Huybrechts",
    title = "Compact hyperk{\"a}hler manifolds: basic results",
    journal = "Invent. Math.",
    volume = "135",
    number = "1",
    year = "1999",
    pages = "63--113"
}

@article{HuybrechtsBourb,
    author = "Daniel Huybrechts",
    title = "A Global Torelli Theorem for Hyperk{\"a}hler Manifolds",
    journal = "Ast\'erisque",
    volume = "348",
    year = "2012",
    pages = "375--403"
}

@misc{Vakil,
    author = "Ravi Vakil",
    title = "The Rising Sea: Foundations of Algebraic Geometry", 
    month = "December",
    year = "2015",
}

@book{BehrendConrad,
    author = "Kai Behrend and Brian Conrad and Dan Edidin and Barbara Fantechi and William Fulton and Lothar G{\"o}ttsche and Andrew Kresch",
    title = "Algebraic stacks",
    year = "2007",
}

@book{KaroubiKTheory,
    author = "Max Karoubi",
    title = "\emph{K}-Theory, An Introduction",
    year = "2008",
    publisher = "Springer",
    series = "Classics in Mathematics"
}

@book{MirandaMorrison,
    author = "Rick Miranda and David R Morrison",
    title = "Embeddings of Integral Quadratic Forms",
    year = "2009",
}

@book{OlssonStacks,
    author = "Martin Olsson",
    title = "Algebraic Spaces and Stacks",
    year = "2016",
    publisher = "American Math. Soc.",
    series = "Colloquium Publications",
    volume = "62"
}

@book{PlatonovRapinchuk,
    author = "Vladimir Platonov and Andrei Rapinchuk",
    title = "Algebraic Groups and Number Theory",
    year = "1994",
    publisher = "Academic Press Inc.",
    series = "Pure and applied mathematics",
    volume = "139"
}

@book{Knus,
    author = "Max Albert Knus",
    title = "Quadratic and Hermitian Forms over Rings",
    year = "1991",
    publisher = "Springer-Verlag",
    series = "Grundlehren der mathematischen Wissenschaften",
    volume = "294"
}

@book{Popp,
    author = "Herbert Popp",
    title = "Moduli Theory and Classification Theory of Algebraic Varieties",
    year = "1977",
    publisher = "Springer-Verlag",
    series = "Lecture Notes in Mathematics",
    volume = "620"
}

@book{LMB,
    author = "G{\'e}rard Laumon and Laurent Moret-Bailly",
    title = "Champs alg{\'e}briques",
    year = "2000",
    publisher = "Springer-Verlag",
    series = "Ergebnisse der Mathematik und ihrer Grenzgebiete",
    number = "39"
}

@book{DG,
    author = "Michel Demazure and Pierre Gabriel",
    title = "Groupes Alg{\'e}briques, Tome I",
    year = "1970",
    publisher = "North-Holland",
}

@book{vdwII,
    author = "Bartel Leendert van der Waerden",
    title = "Algebra II",
    year = "1967",
    publisher = "Springer-Verlag",
    series = "Heidelberger Taschenb{\"u}cher",
    number = "23"
}

@book{BLR,
    author = "Siegfried Bosch and Werner L{\"u}tkebohmert and Michel Raynaud",
    title = "N{\'e}ron Models",
    year = "1990",
    publisher = "Springer-Verlag",
    series = "Ergebnisse der Mathematik und ihrer Grenzgebiete",
    number = "21"
}

@book{MilneEtCoh,
    author = "J S Milne",
    title = "{\'E}tale Cohomology",
    year = "1980",
    publisher = "Princeton Univ. Press",
    series = "Princeton Mathematical Series",
    number = "33",
}

@book{MilneShimura,
    author = "J S Milne",
    title = "Introduction to Shimura Varieties",
    year = "2019",
    publisher = "online notes"
}

@book{MilneAlgebraicGroups,
    author = "J S Milne",
    title = "Algebraic Groups: the theory of group schemes of finite type over a field",
    year = "2017",
    publisher = "Cambridge Univ. Press",
    series = "Studies in Advanced Mathematics",
    number = "?",
    edition = "first"
}

@book{OlssonBook,
    author = "Martin Olsson",
    title = "Algebraic Spaces and Stacks",
    year = "2016",
    publisher = "American Math. Soc.",
    series = "Colloquium Publications",
    number = "62",
    edition = "first"
}

@book{HuybrechtsK3,
    author = "Daniel Huybrechts",
    title = "Lectures on K3 Surfaces",
    year = "2016",
    publisher = "Cambridge Univ. Press",
    series = "Studies in Advanced Mathematics",
    number = "158",
    edition = "first"
}

@book{AltmanKleiman,
    author = "Allen Altman and Steven Kleiman",
    title = "Introduction to Grothendieck Duality Theory",
    year = "1970",
    publisher = "Springer Heidelberg",
    series = "Lecture Notes in Mathematics",
    number = "146"
}

@book{SGA4,
    author = "Michael Artin and Alexander Grothendieck and Jean Louis Verdier",
    title = "Th{\'e}orie des Topos et Cohomologie Etale des Sch{\'e}mas",
    year = "1972--1973",
    publisher = "Springer Heidelberg",
    series = "Lecture Notes in Mathematics",
    number = "269, 270, 305"
}

@book{SGA3,
    author = "Alexander Grothendieck",
    title = "Sch{\'e}mas en Groupes, Tome 1",
    year = "1970",
    publisher = "Springer Heidelberg",
    series = "Lecture Notes in Mathematics",
    number = "151"
}

@book{SGA2,
    author = "Alexander Grothendieck and Mich{\`e}le Raynaud",
    title = "Cohomologie Locale des Faisceaux Coh{\'e}rents et Th{\'e}or{\`e}mes de Lefschetz Locaux et Globaux",
    year = "1968",
    publisher = "Springer Heidelberg",
    series = "Adv. Studies in Pure Math. 2"
}

@book{SGA1,
    author = "Alexander Grothendieck",
    title = "Rev{\^e}tements Etales et Groupe Fondamental",
    year = "1971",
    publisher = "Springer Heidelberg",
    series = "Lecture Notes in Mathematics",
    number = "224"
}

@book{FGAex,
    author = "Barbara Fantechi and Lothar G{\"o}ttsche and Luc Illusie and Steven L Kleiman and Nitin Nitsure and Angelo Vistoli",
    title = "Fundamental Algebraic Geometry, Grothendieck's FGA Explained",
    year = "2005",
    publisher = "American Mathematical Society",
    series = "Mathematical Surveys and Monographs",
    volume = "123"
}

@article{Murre90,
    author = "Jaap Murre",
    title = "On the motive of an algebraic surface",
    year = "1990"
}

@article{RizovCM,
    author = "Jordan Rizov",
    title = "Complex Multiplication for K3 Surfaces",
    year = "2005",
    eprint = "math/0508018v1"
}

@article{DebarreMacri,
    author = "Olivier Debarre",
    title = "Hyperk{\"a}hler manifolds",
    year = "2018",
    eprint = "1810.02087v1"
}

@article{MongardiRapagnetta,
    author = "Giovanni Mongardi and Antonio Rapagnetta",
    title = "Monodromy and birational geometry of O'Grady's sixfolds",
    year = "2019",
    eprint = "1909.07173v1"
}

@article{MongardiRapagnetta,
    author = "Giovanni Mongardi and Antonio Rapagnetta",
    title = "Monodromy and birational geometry of O'Grady's sixfolds",
    year = "2019",
    eprint = "1909.07173v1"
}

@article{MongardiPacienza,
    author = "Giovanni Mongardi and Gianluca Pacienza",
    title = "Density of Noether-Lefschetz loci of polarized irreducible holomorphic symplectic varieties and applications",
    year = "2018",
    eprint = "1804.09440v2"
}

@article{HuybrechtsIsogenousK3,
    author = "Daniel Huybrechts",
    title = "Motives of isogenous K3 surfaces",
    year = "2017",
    eprint = "1705.04063v3"
}

@article{HuybrechtsDerivedEquivalentMotives,
    author = "Daniel Huybrechts",
    title = "Motives of derived equivalent K3 surfaces",
    year = "2017",
    eprint = "1702.03178v1"
}

@article{LieblichOlsson,
    author = "Max Lieblich and Martin Olsson",
    title = "Fourier-Mukai partners of K3 surfaces in positive characteristic",
    year = "2014",
    eprint = "1112.5114"
}

@article{peregorapagnetta,
    author = "Arvid Perego and Antonio Rapagnetta",
    title = "Deformation of the O{'}Grady moduli spaces",
    year = "2010",
    eprint = "1008.0190v1"
}

@article{ConradChev,
    author = "Brian Conrad",
    title = "A modern proof of Chevalley's theorem on algebraic groups",
    year = "2002",
    volume = "17",
    number = "2",
    pages = "1--18",
    journal = "J. Ramanujan Math. Soc."
}

@article{BigMatsusaka,
    author = "T Matsusaka",
    title = "Polarized varieties with a given Hilbert polynomial",
    year = "1972",
    volume = "94",
    pages = "1027--1077",
    journal = "Am. J. Math."
}

@article{MatsusakaMumford,
    author = "T Matsusaka and David Mumford",
    title = "Two Fundamental Theorems on Deformations of Polarized Varieties",
    year = "1964",
    volume = "86",
    pages = "668--684",
    journal = "Am. J. Math."
}

%@article{Mongardi,
%    author = "Giovanni Mongardi",
%    title = "On the monodromy of irreducible holomorphic symplectic manifolds",
%    year = "2016",
%    volume = "3",
%    number = "3",
%    pages = "385--391",
%    journal = "Compos. Math."
%}

@article{Wemyss,
    author = "Michael Wemyss",
    title = "Lectures on Noncommutative Resolutions",
    year = "2012",
    eprint = "1210.2564v2"
}

@article{TaelmanShimuraStacks,
    author = "Lenny Taelman",
    title = "Complex Multiplication and Shimura Stacks",
    year = "2018",
    eprint = "1707.01236v4"
}

@article{TaelmanLK3,
    author = "Lenny Taelman",
    title = "K3 surfaces over finite fields with given $L$-function",
    year = "2015",
    eprint = "1507.08547"
}

@article{Buskin,
    author = "Nikolay Buskin",
    title = "Every rational Hodge isometry between two K3 surfaces is algebraic",
    year = "2015",
    eprint = "1410.02852v2"
}

@article{Zarhin,
    author = "Yuri Zarhin",
    title = "Hodge groups of K3 surfaces",
    journal = "J. Reine Angew. Math.",
    volume = "341",
    year = "1983",
    pages = "193--220"
}

@article{AndreInconditionnelle,
    author = "Yves Andr{\'e}",
    title = "Pour une th{\'e}orie inconditionnelle des motifs",
    journal = "Publ.\ Math.\ IH{\'E}S",
    volume = "83",
    year = "1996",
    pages = "5--49"
}

@article{AndreTateShafarevich,
    author = "Yves Andr{\'e}",
    title = "On the Shafarevich and Tate conjectures for hyper-K{\"a}hler varieties",
    journal = "Math. Ann.",
    volume = "305",
    number = "2",
    year = "1996",
    pages = "205--248"
}

@article{NCBO,
    author = "Osamu Iyama and Michael Wemyss",
    title = "On the Noncommutative Bondal--Orlov Conjecture",
    journal = "J. Reine Angew. Math.",
    volume = "683",
    number = "3",
    year = "2013",
    pages = "119--128"
}

@article{IWSDC,
    author = "Osamu Iyama and Michael Wemyss",
    title = "Singular Derived Categories of Q-factorial terminalizations and Maximal Modification Algebras",
    journal = "Adv. Math.",
    volume = "261",
    year = "2014",
    pages = "85--121"
}

@article{IR,
    author = "Osamu Iyama and Idun Reiten",
    title = "Fomin-Zelevinsky mutation and tilting modules over Calabi-Yau algebras",
    journal = "Amer. J. Math.",
    volume = "130",
    number = "4",
    year = "2008",
    pages = "1087--1149"
}

@article{IWMMA,
    author = "Osamu Iyama and Michael Wemyss",
    title = "Maximal Modifications and Auslander-Reiten Duality for Non-isolated Singularities",
    journal = "Invent. Math.",
    volume = "197",
    number = "3",
    year = "2014",
    pages = "521--586"
}

@article{Bergh,
    author = "Michel van den Bergh",
    title = "Non-commutative crepant resolutions",
    journal = "The legacy of Niels Henrik Abel",
    year = "2004",
    pages = "747--770"
}

@misc{SP,
    shorthand   = {SP},
    author      = "{The Stacks Project Authors}",
    title       = {Stacks Project},
    howpublished= {\url{http://stacks.math.columbia.edu}},
    year        = {{\the\year}}
}

@article{Kenyon,
    author = "Richard Kenyon",
    title = "Local statistics of lattice dimers",
    journal = "Ann. I. H. Poincar\'e-Pr.",
    volume = "33",
    year = "1997",
    pages = "591--618"
}

@article{GK,
    author = "Alexander B Goncharov and Richard Kenyon",
    title = "Dimers and cluster integrable systems",
    journal = "Ann. Sci. Ecole. Norm. S.",
    volume = "46",
    number = "5",
    year = "2013",
    pages = "747--813"
}

@article{Kouchnirenko,
    author = "A G Kouchnirenko",
    title = "Poly\`edres de Newton et nombres de Milnor",
    journal = "Invent. Math.",
    volume = "32",
    year = "1976",
    pages = "1--31"
}

@article{CheegerGromoll,
    author = "Jeff Cheeger and Detlef Gromoll",
    title = "The splitting theorem for manifolds of nonnegative Ricci curvature",
    journal = "J. Differ. Geom.",
    volume = "6",
    year = "1971",
    pages = "119--128"
}

@article{Beauville,
    author = "Arnaud Beauville",
    title = "Vari{\'e}t{\'e}s K{\"a}hleriennes dont la premi{\`e}re classe de Chern est nulle",
    journal = "J. Differ. Geom.",
    volume = "18",
    year = "1983",
    pages = "755--782"
}

@article{Rapagnetta,
    author = "Antonio Rapagnetta",
    title = "On the Beauville form of the known irreducible symplectic varieties",
    journal = "Math. Ann.",
    volume = "340",
    year = "2008",
    pages = "77--95"
}

@article{BoissiereNieperSarti,
    author = "Samuel Boissi{\`e}re and Marc Nieper-Wi{\ss}kirchen and Alessandra Sarti",
    title = "Higher dimensional Enriques varieties and automorphisms of generalized Kummer varieties",
    journal = "J. Math. Pures Appl.",
    volume = "95",
    year = "2011",
    pages = "553--563"
}

@article{Nieper,
    author = "Marc A. Nieper",
    title = "Hirzebruch-Riemann-Roch formulae on irreducible symplectic K{\"a}hler manifolds",
    journal = "J. Alg. Geom.",
    volume = "12",
    year = "2003",
    pages = "715--739"
}

@article{GF,
    author = "Vladimir V Fock and Alexander B Goncharov",
    title = "The quantum dilogarithm and representations of quantum cluster varieties",
    journal = "Invent. Math.",
    volume = "175",
    number = "2",
    year = "2009",
    pages = "223--286"
}

@article{Thurston,
    author = "Dylan Thurston",
    title = "From dominoes to hexagons",
    eprint = "math/0405482"
}

@article{VerbitskySheaves,
    author = "Misha Verbitsky",
    title = "Hyperholomorphic sheaves and new examples of hyperk{\"a}hler manifolds",
    eprint = "alg-geom/9712012"
}

@article{VerbitskyTorelli,
    author = "Misha Verbitsky",
    title = "A global Torelli theorem for hyperk{\"a}hler manifolds",
    journal = "Duke Math. J.",
    volume = "162",
    number = "15",
    pages = "2929--2986",
    year = "2013"
}

@article{VerbitskyBundles,
    author = "Misha Verbitsky",
    title = "Hyperholomorphic bundles",
    journal = "J. Algebraic Geom.",
    volume = "5",
    number = "4",
    pages = "633--669",
    eprint = "alg-geom/9307008"
}

@article{Ginzburg,
    author = "V Ginzburg",
    title = "Calabi-Yau algebras",
    eprint = "math/0612139"
}

@book{HuybrechtsLehn,
    author = "Daniel Huybrechts and Manfred Lehn",
    title = "The geometry of moduli spaces of sheaves", 
    publisher = "Cambridge University Press",
    series = "Cambrige Mathematical Library",
    edition = "second",
    year = "2010"
}

@book{KobayashiNomizu,
    author = "Shoshichi Kobayashi and Katsumi Nomizu",
    title = "Foundations of Differential Geometry", 
    publisher = "Wiley",
    series = "Wiley Classics Library",
    year = "1996"
}

@book{Pareigis,
    author = "Bodo Pareigis",
    title = "Categories and Functors", 
    publisher = "Academic Press",
    series = "Pure and applied mathematics",
    volume = "39",
    year = "1970"
}

@book{Rockafellar,
    author = "R Tyrrell Rockafellar",
    title = "Convex Analysis", 
    publisher = "Princeton University Press",
    year = "1972"
}

@book{ARS,
    author = "Maurice Auslander and Idun Reiten and Sverre O Smal\o",
    title = "Representation Theory of Artin Algebras", 
    publisher = "Cambridge University Press",
    year = "1995"
}

@book{Yoshino,
    author = "Yuji Yoshino",
    title = "Cohen-Macaulay Modules over Cohen-Macaulay Rings",
    publisher = "Cambridge University Press",
    year = "1990"
}

@book{GW,
    author = "Ulrich G{\"o}rtz and Torsten Wedhorn",
    title = "Algebraic Geometry I", 
    publisher = "Vieweg+Teubner",
    year = "2010"
}

@book{KM,
    author = "J\'anos Koll\'ar and Shigefumi Mori",
    title = "Birational Geometry of Algebraic Varieties", 
    publisher = "Cambridge University Press",
    year = "1998"
}

@book{Fulton,
    author = "William Fulton",
    title = "Introduction to toric varieties", 
    publisher = "Princeton University Press ",
    year = "1993"
}

@book{Weibel,
    author = "Charles A Weibel",
    title = "An Introduction to Homological Algebra", 
    publisher = "Cambridge University Press",
    series = "Studies in Advanced Mathematics",
    number = "38",
    year = "1994"
}

@book{AtiyahM,
    author = "Michael Francis Atiyah and Ian G Macdonald",
    title = "Introduction to Commutative Algebra", 
    publisher = "Addison--Wesley Publ. Comp.",
    series = "Addison--Wesley Series in Math.",
    year = "1969"
}

@book{BarthHulek,
    author = "Wolf P Barth and Klaus Hulek and Chris A M Peters and Antonius van de Ven",
    title = "Compact Complex Surfaces",
    publisher = "Springer-Verlag",
    series = "Ergebnisse der Mathematik und ihrer Grenzgebiete",
    year = "2004"
}

@book{Johnstone,
    author = "Peter A Johnstone",
    title = "Stone Spaces",
    publisher = "Cambridge University Press",
    series = "Studies in Advanced Mathematics",
    number = "3",
    year = "1982"
}

@book{May,
    author = "Jon Peter May",
    title = "A Concise Course in Algebraic Topology",
    publisher = "University of Chicago Press",
    series = "Chicago Lectures in Mathematics",
    year = "1999"
}

@book{SilvermanAdvanced,
    author = "Joseph Hillel Silverman",
    title = "Advanced Topics in the Arithmetic of Elliptic Curves",
    publisher = "Springer-Verlag",
    series = "Graduate Texts in Mathematics",
    volume = "151",
    year = "1994"
}

@book{Bredon,
    author = "Glen E Bredon",
    title = "Sheaf Theory",
    publisher = "Springer-Verlag",
    series = "Graduate Texts in Mathematics",
    volume = "170",
    year = "1997"
}

@book{Cassels,
    author = "John William Scott Cassels",
    title = "Rational Quadratic Forms",
    publisher = "Academic Press",
    series = "London Mathematical Society Monographs",
    volume = "13",
    year = "1978"
}

@book{HAG,
    author = "Robin Hartshorne",
    title = "Algebraic Geometry",
    publisher = "Springer-Verlag",
    series = "Graduate Texts in Mathematics",
    volume = "52",
    year = "1977"
}

@inproceedings{MilneShimuraMotives,
    author = "J S Milne",
    title = "Shimura varieties and motives",
    booktitle = "Motives",
    editor = "Uwe Jannsen and S Kleiman and Jean-Pierre Serre",
    publisher = "Amer.\ Math.\ Soc.",
    year = "1994",
    pages = "447--523"
    %volume = "55",
    %number = "2",
}

@inproceedings{HRD,
    author = "Robin Hartshorne",
    title = "Residues and Duality",
    series = "L.N.M.",
    volume = "20",
    publisher = "Springer",
    year = "1966"
}

@book{Eisenbud,
    author = "David Eisenbud",
    title = "Commutative Algebra with a View Toward Algebraic Geometry", 
    publisher = "Springer New York",
    series = "G.T.M.",
    volume = "150",
    year = "1999"
}

@book{BH,
    author = "Winfried Bruns and Jurgen Herzog",
    title = "Cohen-Macaulay rings", 
    publisher = "Cambridge University Press",
    year = "1993"
}

@book{Oda,
    author = "Tadao Oda",
    title = "Convex Bodies and Algebraic Geometry", 
    publisher = "Springer",
    series = "Ergebnisse der Mathematik und ihrer Grenzgebiete",
    number = "15",
    year = "1988"
}

@book{Mukai,
    author = "Shigeru Mukai",
    title = "An Introduction to Invariants and Moduli", 
    publisher = "Cambridge University Press",
    year = "2003"
}

@book{GIT,
    author = "David Mumford and John Fogarty and Frances Kirwan",
    title = "Geometric Invariant Theory", 
    series = "Ergebnisse der Mathematik und ihrer Grenzgebiete",
    number = "34",
    publisher = "Springer",
    year = "1994"
}

@article{Bridgeland,
    author = "Tom Bridgeland",
    title = "Flops and derived equivalences",
    year = "2002",
    journal = "Invent. Math.",
    volume = "147",
    pages = "613--632"
}

@article{CoxHom,
    author = "David A. Cox",
    title = "The Homogeneous Coordinate Ring of a Toric Variety", 
    year = "1995",
    journal = "J. Algebraic Geom.",
    volume = "4",
    pages = "17--50"
}

@book{KKMS-D,
    author = "George Kempf and Finn Knudsen and David Mumford and Bernard Saint-Donat",
    title = "Toroidal Embeddings I", 
    publisher = "Springer-Verlag",
    year = "1973"
}

@book{AMRT,
    author = "Avner Ash and David Mumford and Michael Rapoport and Yung-Shen Tai",
    title = "Smooth Compactification of Locally Symmetric Varieties", 
    publisher = "Math. Sci. Press",
    year = "1975"
}

@article{Witten,
    author = "Edward Witten",
    title = "Phases of $N = 2$ theories in two dimensions",
    journal = "Nucl. Phys. B",
    volume = "403",
    pages = "159--222",
    year = "1993"
}

@article{King,
    author = "A D King",
    title = "Moduli of representations of finite dimensional algebras",
    journal = "Quart. J. Math. Oxford",
    number = "2",
    volume = "45",
    pages = "515--530",
    year = "1994"
}

@article{Rickard,
    author = "J Rickard",
    title = "Morita theory for derived categories",
    journal = "J. London Math. Soc.",
    number = "2",
    volume = "39",
    pages = "436--456",
    year = "1989"
}

@article{IshiiUeda,
    author = "Akira Ishii and Kazushi Ueda",
    title = "On moduli spaces of quiver representations associated with brane tilings",
    year = "2008",
    volume = "B9",
    journal = "RIMS K\^oky\^uroku Bessatsu", 
    pages = "127--141"
}

@article{Stanley,
    author = "Richard P Stanley",
    title = "Hilbert Functions of Graded Algebras",
    year = "1978",
    volume = "28",
    journal = "Adv. Math.",
    pages = "57--83"
}

@article{Kennaway,
    author = "Kristian D Kennaway",
    title = "Brane tilings",
    year = "2007",
    volume = "22",
    journal = "Int. J. Mod. Phys. A",
    number = "18",
    pages = "2297--3038"
}



The following entries are left in as examples

@inproceedings{DKMJ,
    author = "E Date and M Kashiwara and T Miwa and M Jimbo",
    title = "Transformation groups for soliton equations",
    booktitle = "Proc. of RIMS Symposium on Non-Linear Integrable Systems",
    publisher = "World Scientific Publ. Co.",
    pages = "39--119",
    year = "1983"
}

@online{Osserman,
    author = "Brian Osserman",
    title = "Branched covers of the {R}iemann sphere",
    url = "math.ucdavis.edu/~osserman/rfg/290W/branched-covers.pdf"
}

@article{Coxfunctor,
    author = "David A. Cox",
    title = "The functor of a smooth toric variety",
    journal = "Tohoku Mah. J",
    year = "1995",
    pages = "251--262"
}

@inproceedings{Kraft,
    year={1982},
    booktitle={Representations of Algebras},
    volume={944},
    series={L.N.M},
    title={Geometric methods in representation theory},
    publisher={Springer},
    author={Hanspeter Kraft},
    pages={180-258}
}
@article{Atiyah,
	author = {Michael Francis Atiyah},
	title = {On analytic surfaces with double points},
	journal = {Proc. Roy. Soc. London. Ser. A},
	volume = {247},
	number = {1249},
	year = {1958},
	pages = {237--244},
}
